%
%
% August 20, 2011
%
% Bibtex bibliographic data base using the canonical set given in the
%   ASCE web document "Instructions For Preparation Of Electronic Manuscripts"
% For use with the ascelike.bst bibliographic style file.
%
% A few 'fine points' about bibtex data bases:
%   1) Entries that are NOT enclosed in quotations marks ("" "") 
%      must contain data.  For example, the NUMBER entry.  If you don't
%      know the NUMBER, don't leave it blank.  Just remove the entire 
%      NUMBER line.
%   2) Bibtex will suppress capital letters within the TITLE of an article
%      (except for the first word of the title).  To force capitalization, 
%      enclose the capitalized letter(s) in curly braces, such as {ASCE}
%      of {SI}.
%   3) Although unusual, if the reference has no author, you will need to
%      be somewhat creative to produce ASCE-like output.  This usually occurs
%      when the "non-author" is an organization instead of a person, but
%      it also applies to newspaper articles.  Try the following:
%        a) if the non-author is a a single word or abreviation ("ASTM" or
%           "Newsweek"), try formatting as a book, incollection, or article,
%           placing the non-author in the AUTHOR field.
%        b) if the non-author is multiple word (Federal Highway 
%           Administration), you will need to be creative, since bibtex
%           will confuse the non-author as a person with first, middle, and
%           last names (for example, Federal, H. A.).  Try using the MANUAL
%           format as shown in FHWA:1991a, FR:1968a, and ICBO:1988a
%
%

@inproceedings{aleixo2014,
	title={Velocity field measurements in tailings dam failure experiments using a combined PIV-PTV approach},
	author={Aleixo, Rui and Ozeren, Yavuz and Altinakar, Mustafa and Wren, Daniel},
	booktitle={International Association of Hydraulic Research International Symposium},
	year={2014}
}

@article{armanini2008,
	title={Liquid--granular channel flow dynamics},
	author={Armanini, Aronne and Fraccarollo, Luigi and Larcher, Michele},
	journal={Powder Technology},
	volume={182},
	number={2},
	pages={218--227},
	year={2008},
	publisher={Elsevier}
}

@article{guizar2008,
	title={Efficient subpixel image registration algorithms},
	author={Guizar-Sicairos, Manuel and Thurman, Samuel T and Fienup, James R},
	journal={Optics letters},
	volume={33},
	number={2},
	pages={156--158},
	year={2008},
	publisher={Optical Society of America}
}

@article{keane1992,
	title={Theory of cross-correlation analysis of PIV images},
	author={Keane, Richard D and Adrian, Ronald J},
	journal={Applied scientific research},
	volume={49},
	number={3},
	pages={191--215},
	year={1992},
	publisher={Springer}
}

@inproceedings{ozeren2014,
	title={Laboratory experiments on dam-break flow of water-sediment mixtures},
	author={Ozeren, Yavuz and Aleixo, Rui and Altinakar, Mustafa and Wren, Daniel},
	booktitle={River Flow 2014},
	venue = {Lausanne, Switzerland},
	year={2014},
}

@report{ncchetr_ozeren,
	author = {Ozeren, Yavuz and Aleixo, Rui and Marsooli, Reza and Altinakar, Mustafa},
	title = {Physical Properties of Artificial Sediments},
	type = {Technical Report},
	institution = {NCCHE},
	date = {2014},
	number = {NCCHE-TR-2014-02}
}

@inproceedings{proenca2009,
	title={Using Matlab for Expeditious Image Geometric Correction},
	author={Proen{\c{c}}a, Maria},
	booktitle={XXIIe colloque GRETSI (traitement du signal et des images), Dijon (France), 8-11 septembre 2009},
	year={2009},
	organization={GRETSI, Groupe dâ€™Etudes du Traitement du Signal et des Images}
}

@inproceedings{rebillout2016,
	title={Application of imaging techniques in dam-break flow experiments with crushed walnut shells},
	author={R{\'e}billout, Luc and Ozeren, Yavuz and Altinakar, Mustafa},
	booktitle={River Flow 2016},
	pages={212--213},
	year={2016},
	venue = {Saint Louis, MO},
	publisher={CRC Press}
}

@article{spinewine2007,
	title={Small-scale laboratory dam-break waves on movable beds},
	author={Spinewine, Beno\^{i}t and Zech, Yves},
	journal={Journal of Hydraulic Research},
	volume={45},
	number={sup1},
	pages={73--86},
	year={2007},
	publisher={Taylor \& Francis}
}

@article{thielicke2014pivlab,
	title={PIVlab--towards user-friendly, affordable and accurate digital particle image velocimetry in MATLAB},
	author={Thielicke, William and Stamhuis, Eize},
	journal={Journal of Open Research Software},
	volume={2},
	number={1},
	year={2014},
	publisher={Ubiquity Press}
}

@phdthesis{thielicke2014,
	title = {The flapping flight of birds: Analysis and application},
	author = {William Thielicke},
	year = {2014},
	isbn = {978-90-367-7241-9}
}

@article{westerweel2005,
	title={Universal outlier detection for PIV data},
	author={Westerweel, Jerry and Scarano, Fulvio},
	journal={Experiments in fluids},
	volume={39},
	number={6},
	pages={1096--1100},
	year={2005},
	publisher={Springer}
}

@online{buffalocreek,
	author = {{West Virginia Division of Culture and History}},
	title = {Buffalo Creek Disaster},
	date = {2015},
	url = {http://www.wvculture.org/history/buffcreek/bctitle.html},
}

@online{mocoa,
	author = {Jeff Masters},
	title = {Meteorology of Saturday's Colombian Flood Disaster That Killed 254},
	date = {2017},
	url = {https://www.wunderground.com/cat6/meteorology-saturdays-colombian-flood-disaster-killed-254},
}


